<?xml version="1.0" encoding="UTF-8"?><collection xmlns="http://www.loc.gov/MARC21/slim"><record><leader>00457nam--2200181-i-4500</leader><controlfield tag="001">000024897</controlfield><controlfield tag="002">20161230</controlfield><controlfield tag="005">20161230201035</controlfield><controlfield tag="008">060222s1000------------r-----000-0-eng-d</controlfield><datafield ind1=" " ind2=" " tag="040"><subfield code="a">IFIN-HH</subfield></datafield><datafield ind1=" " ind2=" " tag="080"><subfield code="a">519.2</subfield></datafield><datafield ind1="1" ind2=" " tag="100"><subfield code="a">Gnedenko, B.V</subfield></datafield><datafield ind1="1" ind2="0" tag="245"><subfield code="a">The theory of probability</subfield><subfield code="c">B.v.gnedenko</subfield></datafield><datafield ind1=" " ind2=" " tag="260"><subfield code="a">Moscow, Mir Publishers, 1969</subfield></datafield><datafield ind1=" " ind2=" " tag="300"><subfield code="a">405 P</subfield></datafield><datafield ind1=" " ind2=" " tag="500"><subfield code="a">Kurs Teorii Veroiatnostei</subfield></datafield><datafield ind1=" " ind2=" " tag="852"><subfield code="a">32232</subfield><subfield code="c">519.2</subfield></datafield><datafield ind1=" " ind2=" " tag="CAT"><subfield code="a">Sys</subfield><subfield code="c">20100525</subfield><subfield code="h">110532</subfield></datafield></record></collection>